<record><leader>00000cas a22000007a 4500</leader><controlfield tag="001">16643507</controlfield><controlfield tag="008">870904d19131915pauir ne      0    0eng d</controlfield><datafield ind1=" " ind2=" " tag="010"><subfield code="a">sn 87078595 </subfield></datafield><datafield ind1=" " ind2=" " tag="040"><subfield code="a">NPH</subfield><subfield code="b">eng</subfield><subfield code="c">NPH</subfield><subfield code="d">OCLCQ</subfield></datafield><datafield ind1=" " ind2=" " tag="042"><subfield code="a">msc</subfield></datafield><datafield ind1="0" ind2=" " tag="130"><subfield code="a">Inter-borough press (Spring City, Pa. : 1913)</subfield></datafield><datafield ind1="1" ind2="0" tag="245"><subfield code="a">Inter-borough press.</subfield></datafield><datafield ind1=" " ind2=" " tag="260"><subfield code="a">Spring City, Pa. :</subfield><subfield code="b">Frederick L. Moser,</subfield><subfield code="c">1913-1915.</subfield></datafield><datafield ind1=" " ind2=" " tag="300"><subfield code="a">2 v.</subfield></datafield><datafield ind1=" " ind2=" " tag="310"><subfield code="a">Triweekly,</subfield><subfield code="b">&lt;1915&gt;</subfield></datafield><datafield ind1=" " ind2=" " tag="321"><subfield code="a">Weekly,</subfield><subfield code="b">&lt;1913&gt;</subfield></datafield><datafield ind1="0" ind2=" " tag="362"><subfield code="a">Vol. 1, no. 1 (Oct. 10, 1913)-v. 2, no. 153 (Oct. 1, 1915).</subfield></datafield><datafield ind1=" " ind2=" " tag="500"><subfield code="a">Published also in Royersford, Pa.</subfield></datafield><datafield ind1=" " ind2=" " tag="752"><subfield code="a">United States</subfield><subfield code="b">Pennsylvania</subfield><subfield code="c">Chester</subfield><subfield code="d">Spring City.</subfield></datafield><datafield ind1=" " ind2=" " tag="752"><subfield code="a">United States</subfield><subfield code="b">Pennsylvania</subfield><subfield code="c">Montgomery</subfield><subfield code="d">Royersford.</subfield></datafield><datafield ind1="0" ind2="0" tag="785"><subfield code="t">Daily inter-borough press</subfield><subfield code="w">(DLC)sn 87078592</subfield></datafield></record>